@article{Biggs2003,
author = {Biggs, Geoffrey and Macdonald, Bruce},
doi = {10.1109/ROBOT.2001.932554},
isbn = {0-7803-6576-3},
issn = {09574158},
journal = {Proceedings of the Australasian conference on robotics and automation},
mendeley-groups = {Robot Programming},
pages = {1--3},
title = {{A Survey of Robot Programming Systems}},
year = {2003}
}


%%% Official Citations from Google Scholar %%%%

@inproceedings{abbeel2004apprenticeship,
  title={Apprenticeship learning via inverse reinforcement learning},
  author={Abbeel, Pieter and Ng, Andrew Y},
  booktitle={Proceedings of the twenty-first international conference on Machine learning},
  pages={1},
  year={2004},
  organization={ACM}
}

@inproceedings{abdo2015robot,
  title={Robot, organize my shelves! Tidying up objects by predicting user preferences},
  author={Abdo, Nichola and Stachniss, Cyrill and Spinello, Luciano and Burgard, Wolfram},
  booktitle={Robotics and Automation (ICRA), 2015 IEEE International Conference on},
  pages={1557--1564},
  year={2015},
  organization={IEEE}
}

@inproceedings{ahmadzadeh2015learning,
  title={Learning symbolic representations of actions from human demonstrations},
  author={Ahmadzadeh, Seyed Reza and Paikan, Ali and Mastrogiovanni, Fulvio and Natale, Lorenzo and Kormushev, Petar and Caldwell, Darwin G},
  booktitle={Robotics and Automation (ICRA), 2015 IEEE International Conference on},
  pages={3801--3808},
  year={2015},
  organization={IEEE}
}

@article{akgun2012keyframe,
  title={Keyframe-based learning from demonstration},
  author={Akgun, Baris and Cakmak, Maya and Jiang, Karl and Thomaz, Andrea L},
  journal={International Journal of Social Robotics},
  volume={4},
  number={4},
  pages={343--355},
  year={2012},
  publisher={Springer}
}

@article{akgun2016simultaneously,
  title={Simultaneously learning actions and goals from demonstration},
  author={Akgun, Baris and Thomaz, Andrea},
  journal={Autonomous Robots},
  volume={40},
  number={2},
  pages={211--227},
  year={2016},
  publisher={Springer}
}
@article{aleotti2006robust,
  title={Robust trajectory learning and approximation for robot programming by demonstration},
  author={Aleotti, Jacopo and Caselli, Stefano},
  journal={Robotics and Autonomous Systems},
  volume={54},
  number={5},
  pages={409--413},
  year={2006},
  publisher={Elsevier}
}

@inproceedings{alexandrova2014robot,
  title={Robot Programming by Demonstration with Interactive Action Visualizations.},
  author={Alexandrova, Sonya and Cakmak, Maya and Hsiao, Kaijen and Takayama, Leila},
  organization={Citeseer}
}

@inproceedings{alexandrova2015roboflow,
  title={RoboFlow: A flow-based visual programming language for mobile manipulation tasks},
  author={Alexandrova, Sonya and Tatlock, Zachary and Cakmak, Maya},
  booktitle={Robotics and Automation (ICRA), 2015 IEEE International Conference on},
  pages={5537--5544},
  year={2015},
  organization={IEEE}
}


@article{argall2009survey,
  title={A survey of robot learning from demonstration},
  author={Argall, Brenna D and Chernova, Sonia and Veloso, Manuela and Browning, Brett},
  journal={Robotics and autonomous systems},
  volume={57},
  number={5},
  pages={469--483},
  year={2009},
  publisher={Elsevier}
}


@book{aarup1992optimum,
  title={OPTIMUM-AIV: a knowledge-based planning and scheduling system for spacecraft AIV},
  author={Aarup, M and Arentoft, MM and Parrod, Y and Stader, J and Stokes, I and Vadon, H},
  year={1992},
  publisher={University of Edinburgh, Artificial Intelligence Applications Institute}
}

@incollection{atkeson1997locally,
  title={Locally weighted learning for control},
  author={Atkeson, Christopher G and Moore, Andrew W and Schaal, Stefan},
  booktitle={Lazy learning},
  pages={75--113},
  year={1997},
  publisher={Springer}
}

@inproceedings{atkeson1997robot,
  title={Robot learning from demonstration},
  author={Atkeson, Christopher G and Schaal, Stefan},
  booktitle={ICML},
  volume={97},
  pages={12--20},
  year={1997},
  organization={Citeseer}
}

@article{barakova2013end,
  title={End-user programming architecture facilitates the uptake of robots in social therapies},
  author={Barakova, Emilia I and Gillesen, Jan CC and Huskens, Bibi EBM and Lourens, Tino},
  journal={Robotics and Autonomous Systems},
  volume={61},
  number={7},
  pages={704--713},
  year={2013},
  publisher={Elsevier}
}

@article{BaxterGolf,
  title={Baxter Reseach Robot - Worked Example Visual Servoing},
  author={Vyvyan Pugh, Active Robots},
  journal={[Online] http://sdk.rethinkrobotics.com/wiki/Worked_Example_Visual_Servoing},
  year={2013-2014}
}

@inproceedings{BaxterTasker,
  title={Baxter Tasker},
  author={HumaRobotics},
  url={http://sdk.rethinkrobotics.com/wiki/Baxter_Tasker},
  year={2013},
  publisher={Generation Robots},
  note={Simplified BSD License}
}

@article{BaxterYoutube,
  title={Baxter Robots in Action - Customer Montage },
  author={TheProudCompany},
  journal={[Online] https://www.youtube.com/watch?v=oD9DE0HjMM4},
  year={2014}
}

@inproceedings{billard2001robust,
  title={Robust learning of arm trajectories through human demonstration},
  author={Billard, Aude and Schaal, Stefan},
  booktitle={Intelligent Robots and Systems, 2001. Proceedings. 2001 IEEE/RSJ International Conference on},
  volume={2},
  pages={734--739},
  year={2001},
  organization={IEEE}
}

@incollection{billard2008robot,
  title={Robot programming by demonstration},
  author={Billard, Aude and Calinon, Sylvain and Dillmann, Ruediger and Schaal, Stefan},
  booktitle={Springer Handbook of Robotics},
  pages={1371--1394},
  year={2008},
  publisher={Springer}
}

@article{billing2010formalism,
  title={A Formalism for Learning from Demonstration*},
  author={Billing, Erik A and Hellstr{\"o}m, Thomas},
  journal={Paladyn, Journal of Behavioral Robotics},
  volume={1},
  number={1},
  pages={1--13},
  year={2010}
}

@inproceedings{bischoff2002morpha,
  title={The MORPHA style guide for icon-based programming},
  author={Bischoff, Rainer and Kazi, Arif and Seyfarth, Markus},
  booktitle={Robot and Human Interactive Communication, 2002. Proceedings. 11th IEEE International Workshop on},
  pages={482--487},
  year={2002},
  organization={IEEE}
}

@article{blum:97,
	Author = {Blum, A. and Furst, M.},
	Date-Added = {2015-11-26 13:52:02 +0000},
	Date-Modified = {2015-11-26 13:52:02 +0000},
	Journal = {Artificial Intelligence},
	Number = {1-2},
	Pages = {281--300},
	Title = {{F}ast {P}lanning {T}hrough {P}lanning {G}raph {A}nalysis},
	Volume = {90},
	Year = {1997}
}

@article{bonet:01,
	Author = {Bonet, B. and Geffner, H.},
	Date-Added = {2015-09-16 06:39:08 +0000},
	Date-Modified = {2015-09-16 06:39:08 +0000},
	Journal = {Artificial Intelligence},
	Local-Url = {file://localhost/Users/pellier/Bibliographie/bonet/bonet01.pdf},
	Number = {1--2},
	Pages = {5--33},
	Title = {Planning as Heuristic Search},
	Volume = {129},
	Year = {2001}
}

@inproceedings{cakmak2012aaai,
	author = {Maya Cakmak and Manuel Lopes},
	booktitle = {Association for the Advancement of Artificial Intelligence (AAAI)},
	title = {Algorithmic and Human Teaching of Sequential Decision Tasks},
	year = {2012}
}

@article{calinon09,
	Author = {S. Calinon and A. Billard},
	Date-Added = {2012-01-28 20:00:32 -0500},
	Date-Modified = {2012-01-28 20:00:32 -0500},
	Journal = {Advanced Robotics},
	Number = {15},
	Pages = {2059--2076},
	Title = {Statistical Learning by Imitation of Competing Constraints in Joint and Task Space},
	Volume = {23},
	Year = {2009}}

@inproceedings{calinon2007active,
  title={Active teaching in robot programming by demonstration},
  author={Calinon, Sylvain and Billard, Aude},
  booktitle={Robot and Human interactive Communication, 2007. RO-MAN 2007. The 16th IEEE International Symposium on},
  pages={702--707},
  year={2007},
  organization={IEEE}
}

@inproceedings{calinon2007incremental,
  title={Incremental learning of gestures by imitation in a humanoid robot},
  author={Calinon, Sylvain and Billard, Aude},
  booktitle={Proceedings of the ACM/IEEE international conference on Human-robot interaction},
  pages={255--262},
  year={2007},
  organization={ACM}
}

@article{calinon2007learning,
  title={On learning, representing, and generalizing a task in a humanoid robot},
  author={Calinon, Sylvain and Guenter, Florent and Billard, Aude},
  journal={IEEE Transactions on Systems, Man, and Cybernetics, Part B (Cybernetics)},
  volume={37},
  number={2},
  pages={286--298},
  year={2007},
  publisher={IEEE}
}
@inproceedings{chandrasekaran2015human,
  title={Human-robot collaboration: A survey},
  author={Chandrasekaran, Balasubramaniyan and Conrad, James M},
  booktitle={SoutheastCon 2015},
  pages={1--8},
  year={2015},
  organization={IEEE}
}

@article{chen2003programing,
  title={Programing by demonstration: Coping with suboptimal teaching actions},
  author={Chen, Jason and Zelinsky, Alex},
  journal={The International Journal of Robotics Research},
  volume={22},
  number={5},
  pages={299--319},
  year={2003},
  publisher={SAGE Publications}
}

@article{chernova2014robot,
  title={Robot learning from human teachers},
  author={Chernova, Sonia and Thomaz, Andrea L},
  journal={Synthesis Lectures on Artificial Intelligence and Machine Learning},
  volume={8},
  number={3},
  pages={1--121},
  year={2014},
  publisher={Morgan \& Claypool Publishers}
}

@inproceedings{colgate1996cobots,
  title={Cobots: Robots for collaboration with human operators},
  author={Colgate, J Edward and Wannasuphoprasit, Witaya and Peshkin, Michael A},
  booktitle={Proceedings of the 1996 ASME International Mechanical Engineering Congress and Exposition},
  year={1996},
  organization={ASME}
}

@inproceedings{colgate1999cobots,
  title={Cobots},
  author={Colgate, J.E. and Peshkin, M.A.},
  url={https://www.google.com/patents/US5952796},
  year={1999},
  month=sep # "~14",
  publisher={Google Patents},
  note={US Patent 5,952,796}
}

@article{Connect4,
  title={Baxter Reseach Robot - Connect 4},
  author={Rethink Robots},
  journal={[Online] http://sdk.rethinkrobotics.com/wiki/Connect_Four_Demo},
  year={2014}
}

@article{correll2016analysis,
  title={Analysis and observations from the first amazon picking challenge},
  author={Correll, Nikolaus and Bekris, Kostas E and Berenson, Dmitry and Brock, Oliver and Causo, Albert and Hauser, Kris and Okada, Kei and Rodriguez, Alberto and Romano, Joseph M and Wurman, Peter R},
  journal={IEEE Transactions on Automation Science and Engineering},
  year={2016},
  publisher={IEEE}
}

@inproceedings{cubek2015high,
  title={High-level learning from demonstration with conceptual spaces and subspace clustering},
  author={Cubek, Richard and Ertel, Wolfgang and Palm, G{\"u}nther},
  booktitle={Robotics and Automation (ICRA), 2015 IEEE International Conference on},
  pages={2592--2597},
  year={2015},
  organization={IEEE}
}

@article{do:01,
	Author = {Do, M. and Kambhampati, S.},
	Date-Added = {2015-12-08 13:23:51 +0000},
	Date-Modified = {2015-12-08 13:23:51 +0000},
	Journal = {Artificial Intelligence},
	Number = {2},
	Pages = {151--182},
	Title = {Planning as constraint satisfaction: Solving the planning graph by compiling it into CSP},
	Volume = {132},
	Year = {2001}
}

@inproceedings{dogar2010push,
  title={Push-grasping with dexterous hands: Mechanics and a method},
  author={Dogar, Mehmet R and Srinivasa, Siddhartha S},
  booktitle={Intelligent Robots and Systems (IROS), 2010 IEEE/RSJ International Conference on},
  pages={2123--2130},
  year={2010},
  organization={IEEE}
}

@book{douglas1985metamagical,
  title={Metamagical themas: Questing for the essence of mind and pattern},
  author={Douglas R. Hofstadter},
  year={1985},
  publisher={Basic books}
}

@article{ekvall2008robot,
  title={Robot learning from demonstration: a task-level planning approach},
  author={Ekvall, Staffan and Kragic, Danica},
  journal={International Journal of Advanced Robotic Systems},
  volume={5},
  number={3},
  pages={223--234},
  year={2008}
}

@book{fernandez2015learning,
  title={Learning ROS for Robotics Programming},
  author={Fern{\'a}ndez, Enrique and Crespo, Luis S{\'a}nchez and Mahtani, Anil and Martinez, Aaron},
  year={2015},
  publisher={Packt Publishing Ltd}
}

@article{fikes1971strips,
  title={STRIPS: A new approach to the application of theorem proving to problem solving},
  author={Fikes, Richard E and Nilsson, Nils J},
  journal={Artificial intelligence},
  volume={2},
  number={3-4},
  pages={189--208},
  year={1971},
  publisher={Elsevier}
}

@book{ghallab2004automated,
  title={Automated planning: theory \& practice},
  author={Ghallab, Malik and Nau, Dana and Traverso, Paolo},
  year={2004},
  publisher={Elsevier}
}

@article{gil1994learning,
  title={Learning by experimentation: Incremental refinement of incomplete planning domains},
  author={Gil, Yolanda},
  journal={International Conference on Machine Learning},
  pages={87--95},
  year={1994}
}

@inproceedings{glas2012interaction,
  title={An interaction design framework for social robots},
  author={Glas, D and Satake, Satoru and Kanda, Takayuki and Hagita, Norihiro},
  booktitle={Robotics: Science and Systems},
  volume={7},
  pages={89},
  year={2012}
}

@inproceedings{glas2016human,
  title={Human-Robot Interaction Design Using {I}nteraction {C}omposer: Eight Years of Lessons Learned},
  author={Glas, Dylan F and Kanda, Takayuki and Ishiguro, Hiroshi},
  booktitle={The Eleventh ACM/IEEE International Conference on Human Robot Interaction},
  pages={303--310},
  year={2016},
  organization={IEEE Press}
}

@article{grollman2012robot,
  title={Robot learning from failed demonstrations},
  author={Grollman, Daniel H and Billard, Aude G},
  journal={International Journal of Social Robotics},
  volume={4},
  number={4},
  pages={331--342},
  year={2012},
  publisher={Springer}
}

@inproceedings{guerin2015framework,
  title={A framework for end-user instruction of a robot assistant for manufacturing},
  author={Guerin, Kelleher R and Lea, Colin and Paxton, Chris and Hager, Gregory D},
  booktitle={Robotics and Automation (ICRA), 2015 IEEE International Conference on},
  pages={6167--6174},
  year={2015},
  organization={IEEE}
}

@inproceedings{haigh1998interleaving,
  title={Interleaving planning and robot execution for asynchronous user requests},
  author={Haigh, Karen Zita and Veloso, Manuela M},
  booktitle={Autonomous agents},
  pages={79--95},
  year={1998},
  organization={Springer}
}

@article{helmert:06a,
	Author = {Helmert, M.},
	Date-Added = {2015-11-09 10:11:47 +0000},
	Date-Modified = {2015-11-09 10:11:47 +0000},
	Journal = {Journal of Artificial Intelligence Research},
	Local-Url = {file://localhost/Users/pellier/Bibliographie/helmert/helmert06a.pdf},
	Pages = {191--246},
	Title = {The Fast Downward Planning System},
	Volume = {26},
	Year = {2006}
}

@article{hoffmann:11,
	Author = {Hoffmann, J.},
	Date-Added = {2015-12-02 12:58:57 +0000},
	Date-Modified = {2015-12-02 12:59:12 +0000},
	Journal = {Journal of Artificial Intelligence Research},
	Pages = {155--229},
	Title = {Analyzing search topology without running any search: On the connection between causal graphs and h+},
	Volume = {41},
	Year = {2011}
}

@incollection{hoffmann2000heuristic,
  title={A heuristic for domain independent planning and its use in an enforced hill-climbing algorithm},
  author={Hoffmann, J{\"o}rg},
  booktitle={Foundations of Intelligent Systems},
  pages={216--227},
  year={2000},
  publisher={Springer}
}

@inproceedings{hovland1996skill,
  title={Skill acquisition from human demonstration using a hidden markov model},
  author={Hovland, Geir E and Sikka, Pavan and McCarragher, Brenan J},
  booktitle={Robotics and Automation, 1996. Proceedings., 1996 IEEE International Conference on},
  volume={3},
  pages={2706--2711},
  year={1996},
  organization={IEEE}
}

@inproceedings{huckaby2013planning,
  title={Planning with a task modeling framework in manufacturing robotics},
  author={Huckaby, Jacob and Vassos, Stavros and Christensen, Henrik I},
  booktitle={Intelligent Robots and Systems (IROS), 2013 IEEE/RSJ International Conference on},
  pages={5787--5794},
  year={2013},
  organization={IEEE}
}


@inproceedings{huang2016design,
  title={Design and evaluation of a rapid programming system for service robots},
  author={Huang, Justin and Lau, Tessa and Cakmak, Maya},
  booktitle={The Eleventh ACM/IEEE International Conference on Human Robot Interaction},
  pages={295--302},
  year={2016},
  organization={IEEE Press}
}
@inproceedings{huang2017code3,
  title={Code3: A system for end-to-end programming of mobile manipulator robots for novices and experts},
  author={Huang, Justin and Cakmak, Maya},
  booktitle={Proceedings of the 2017 ACM/IEEE International Conference on Human-Robot Interaction},
  pages={453--462},
  year={2017},
  organization={ACM}
}

@inproceedings{jansen2006model,
  title={A model for inferring the intention in imitation tasks},
  author={Jansen, Bart and Belpaeme, Tony},
  booktitle={Robot and Human Interactive Communication, 2006. ROMAN 2006. The 15th IEEE International Symposium on},
  pages={238--243},
  year={2006},
  organization={IEEE}
}

@article{jilani2014automated,
  title={Automated knowledge engineering tools in planning: state-of-the-art and future challenges},
  author={Jilani, Rabia and Crampton, Andrew and Kitchin, Diane E and Vallati, Mauro},
  year={2014}
}

@article{jund2016freiburg,
  title={The Freiburg Groceries Dataset},
  author={Jund, Philipp and Abdo, Nichola and Eitel, Andreas and Burgard, Wolfram},
  journal={arXiv preprint arXiv:1611.05799},
  year={2016}
}

@inproceedings{khan2011humans,
  title={How do humans teach: On curriculum learning and teaching dimension},
  author={Khan, Faisal and Mutlu, Bilge and Zhu, Xiaojin},
  booktitle={Advances in Neural Information Processing Systems},
  pages={1449--1457},
  year={2011}
}

@inproceedings{kaiser1995obtaining,
  title={Obtaining good performance from a bad teacher},
  author={Kaiser, Michael and Friedrich, Holger and Dillmann, Rudiger},
  booktitle={Programming by Demonstration vs. Learning from Examples Workshop at ML},
  volume={95},
  year={1995}
}

@article{karapinar2013learning,
  title={Learning guided planning for robust task execution in cognitive robotics},
  author={Karapinar, Sertac and Sariel-Talay, Sanem and Yildiz, Petek and Ersen, Mustafa},
  journal={Proc. of the AAAI-13 Workshop on Intelligent Robotic Systems},
  pages={26--31},
  year={2013}
}

@inproceedings{kautz:06,
	Author = {Kautz, H. and Selman, B. and Hoffmann, J.},
	Booktitle = {Abstracts of the 5th International Planning Competition},
	Date-Added = {2015-12-08 12:04:23 +0000},
	Date-Modified = {2015-12-08 12:04:23 +0000},
	Title = {SatPlan: Planning as Satisfiability},
	Year = {2006}
}

@inproceedings{kautz:99,
	Author = {Kautz, H. and Selman, B.},
	Booktitle = {Proceedings of International Joint Conference on Artificial Intelligence},
	Date-Added = {2015-09-01 12:04:43 +0000},
	Date-Modified = {2015-12-08 12:06:00 +0000},
	Pages = {318-325},
	Rating = {4},
	Title = {{U}nifying {SAT}-based and {G}raph-based {P}lanning},
	Year = {1999}
}

@book{kelley1985cal,
  title={Cal-a natural language program developed with the oz paradigm: Implications for supercomputing systems},
  author={Kelley, John F},
  year={1985},
  publisher={IBM Thomas J. Watson Research Center}
}

@inproceedings{king2015nonprehensile,
  title={Nonprehensile whole arm rearrangement planning on physics manifolds},
  author={King, Jennifer E and Haustein, Joshua A and Srinivasa, Siddhartha S and Asfour, Tamim},
  booktitle={Robotics and Automation (ICRA), 2015 IEEE International Conference on},
  pages={2508--2515},
  year={2015},
  organization={IEEE}
}

@inproceedings{ko2004six,
  title={Six learning barriers in end-user programming systems},
  author={Ko, Andrew J and Myers, Brad A and Aung, Htet Htet},
  booktitle={Visual Languages and Human Centric Computing, 2004 IEEE Symposium on},
  pages={199--206},
  year={2004},
  organization={IEEE}
}

@unpublished{kovacs:12,
	Author = {Kovacs, D.},
	Date-Added = {2015-09-10 09:53:27 +0000},
	Date-Modified = {2016-01-15 13:38:06 +0000},
	Month = {2012},
	Note = {Unpublished manuscript from the International Planning Competition website},
	Title = {Complete {BNF} description of {PDDL} 3.1}
}

@article{Kreuziger1992,
author = {Kreuziger, J{\"{u}}rgen},
journal = {Proc. of the 2nd Conference on Automation, Robotics and Computer Vision ICARCV 1992},
pages = {RO--15.4.1 ---- RO--15.4.5},
title = {{Application of Machine Learning to Robotics -- An analysis}},
year = {1992}
}

@article{kruger2011object,
  title={Object--Action Complexes: Grounded abstractions of sensory--motor processes},
  author={Kr{\"u}ger, Norbert and Geib, Christopher and Piater, Justus and Petrick, Ronald and Steedman, Mark and W{\"o}rg{\"o}tter, Florentin and Ude, Ale{\v{s}} and Asfour, Tamim and Kraft, Dirk and Omr{\v{c}}en, Damir and others},
  journal={Robotics and Autonomous Systems},
  volume={59},
  number={10},
  pages={740--757},
  year={2011},
  publisher={Elsevier}
}


@article{kuniyoshi1994learning,
  title={Learning by watching: Extracting reusable task knowledge from visual observation of human performance},
  author={Kuniyoshi, Yasuo and Inaba, Masayuki and Inoue, Hirochika},
  journal={Robotics and Automation, IEEE Transactions on},
  volume={10},
  number={6},
  pages={799--822},
  year={1994},
  publisher={IEEE}
}

@inproceedings{kurenkov2015, 
  author={A. Kurenkov and B. Akgun and A. L. Thomaz}, 
  booktitle={IEEE/RSJ Intl. Conf. on Intelligent Robots and Systems (IROS)}, 
  title={An evaluation of GUI and kinesthetic teaching methods for constrained-keyframe skills}, 
  year={2015}, 
}

@inproceedings{lego2003,
  author={Lego},
  title={Lego Mindstorms},
  url={http://mindstorms. lego.com/eng/products/ris/rissoft.asp},
  year={2003}
}

@inproceedings{liang2017evaluation,
  title={Evaluation of a Robot Programming Framework for Non-Experts using Symbolic Planning Representations},
  author={Liang, Ying-Siu and Pellier, Damien and Fiorino, Humbert and Pesty, Sylvie},
  booktitle={26th IEEE International Symposium on Robot and Human Interactive Communication},
  year={2017}
}

@inproceedings{liang2017framework,
  title={A Framework for Robot Programming in Cobotic Environments: First User Experiments},
  author={Liang, Ying Siu and Pellier, Damien and Fiorino, Humbert and Pesty, Sylvie},
  booktitle={Proceedings of the 3rd International Conference on Mechatronics and Robotics Engineering},
  pages={30--35},
  year={2017},
  organization={ACM}
}


@incollection{lieberman2006end,
  title={End-user development: An emerging paradigm},
  author={Lieberman, Henry and Patern{\`o}, Fabio and Klann, Markus and Wulf, Volker},
  booktitle={End user development},
  pages={1--8},
  year={2006},
  publisher={Springer}
}

@article{lozano1983robot,
  title={Robot programming},
  author={Lozano-Perez, Tomas},
  journal={Proceedings of the IEEE},
  volume={71},
  number={7},
  pages={821--841},
  year={1983},
  publisher={IEEE}
}
@inproceedings{mason2011robot,
  title={Robot self-initiative and personalization by learning through repeated interactions},
  author={Mason, Martin and Lopes, Manuel C},
  booktitle={Proceedings of the 6th international conference on Human-robot interaction},
  pages={433--440},
  year={2011},
  organization={ACM}
}

@article{mcdermott1998pddl,
  title={PDDL-the planning domain definition language},
  author={McDermott, Drew and Ghallab, Malik and Howe, Adele and Knoblock, Craig and Ram, Ashwin and Veloso, Manuela and Weld, Daniel and Wilkins, David},
  year={1998}
}

@article{mnih2015human,
  title={Human-level control through deep reinforcement learning},
  author={Mnih, Volodymyr and Kavukcuoglu, Koray and Silver, David and Rusu, Andrei A and Veness, Joel and Bellemare, Marc G and Graves, Alex and Riedmiller, Martin and Fidjeland, Andreas K and Ostrovski, Georg and others},
  journal={Nature},
  volume={518},
  number={7540},
  pages={529},
  year={2015},
  publisher={Nature Publishing Group}
}

@inproceedings{mohseni2015interactive,
  title={Interactive hierarchical task learning from a single demonstration},
  author={Mohseni-Kabir, Anahita and Rich, Charles and Chernova, Sonia and Sidner, Candace L and Miller, Daniel},
  booktitle={Proceedings of the Tenth Annual ACM/IEEE International Conference on Human-Robot Interaction},
  pages={205--212},
  year={2015},
  organization={ACM}
}
@inproceedings{mollard2015robot,
  title={Robot programming from demonstration, feedback and transfer},
  author={Mollard, Yoan and Munzer, Thibaut and Baisero, Andrea and Toussaint, Marc and Lopes, Manuel},
  booktitle={Intelligent Robots and Systems (IROS), 2015 IEEE/RSJ International Conference on},
  pages={1825--1831},
  year={2015},
  organization={IEEE}
}

@inproceedings{myers1986visual,
  title={Visual programming, programming by example, and program visualization: a taxonomy},
  author={Myers, Brad A},
  booktitle={ACM SIGCHI Bulletin},
  volume={17},
  number={4},
  pages={59--66},
  year={1986},
  organization={ACM}
}

@inproceedings{niekum2012learning,
  title={Learning and generalization of complex tasks from unstructured demonstrations},
  author={Niekum, Scott and Osentoski, Sarah and Konidaris, George and Barto, Andrew G},
  booktitle={Intelligent Robots and Systems (IROS), 2012 IEEE/RSJ International Conference on},
  pages={5239--5246},
  year={2012},
  organization={IEEE}
}

@inproceedings{niekum2013incremental,
  title={Incremental Semantically Grounded Learning from Demonstration.},
  author={Niekum, S. and Chitta, S. and Barto, A.G. and Marthi, B. and Osentoski, S.},
  booktitle={Robotics: Science and Systems},
  volume={9},
  year={2013}
}

@inproceedings{nguyen2013ros,
  title={Ros commander (rosco): Behavior creation for home robots},
  author={Nguyen, Hai and Ciocarlie, Matei and Hsiao, Kaijen and Kemp, Charles C},
  booktitle={2013 IEEE International Conference on Robotics and Automation (ICRA)},
  pages={467--474},
  year={2013},
  organization={IEEE}
}

@article{nicolescu2001learning,
  title={Learning and interacting in human-robot domains},
  author={Nicolescu, Monica N and Matari{\'c}, Maja J},
  journal={Systems, Man and Cybernetics, Part A: Systems and Humans, IEEE Transactions on},
  volume={31},
  number={5},
  pages={419--430},
  year={2001},
  publisher={IEEE}
}

@inproceedings{nicolescu2003natural,
  title={Natural methods for robot task learning: Instructive demonstrations, generalization and practice},
  author={Nicolescu, Monica N and Mataric, Maja J},
  booktitle={Proceedings of the second international joint conference on Autonomous agents and multiagent systems},
  pages={241--248},
  year={2003},
  organization={ACM}
}

@article{opencv,
    author = {Bradski, G.},
    citeulike-article-id = {2236121},
    journal = {Dr. Dobb's Journal of Software Tools},
    keywords = {bibtex-import},
    posted-at = {2008-01-15 19:21:54},
    priority = {4},
    title = {{The OpenCV Library}},
    year = {2000}
} 

@inproceedings{orendt2016robot,
  title={Robot programming by non-experts: intuitiveness and robustness of one-shot robot programming},
  author={Orendt, Eric M and Fichtner, Myriel and Henrich, Dominik},
  booktitle={Robot and Human Interactive Communication (RO-MAN), 2016 25th IEEE International Symposium on},
  pages={192--199},
  year={2016},
  organization={IEEE}
}

@article{pan2012recent,
  title={Recent progress on programming methods for industrial robots},
  author={Pan, Zengxi and Polden, Joseph and Larkin, Nathan and Van Duin, Stephen and Norrish, John},
  journal={Robotics and Computer-Integrated Manufacturing},
  volume={28},
  number={2},
  pages={87--94},
  year={2012},
  publisher={Elsevier}
}

@article{pardowitz2007incremental,
  title={Incremental learning of tasks from user demonstrations, past experiences, and vocal comments},
  author={Pardowitz, Michael and Knoop, Steffen and Dillmann, Ruediger and Zollner, RD},
  journal={Systems, Man, and Cybernetics, Part B: Cybernetics, IEEE Transactions on},
  volume={37},
  number={2},
  pages={322--332},
  year={2007},
  publisher={IEEE}
}

@inproceedings{pastor2009learning,
  title={Learning and generalization of motor skills by learning from demonstration},
  author={Pastor, Peter and Hoffmann, Heiko and Asfour, Tamim and Schaal, Stefan},
  booktitle={Robotics and Automation, 2009. ICRA'09. IEEE International Conference on},
  pages={763--768},
  year={2009},
  organization={IEEE}
}

@article{pellier2011pddl4j,
  title={PDDL4J},
  author={Pellier, D},
  journal={Tetris Holding},
  year={1985~2016}
}

@inproceedings{peppoloni2014ros,
  title={A ROS-integrated architecture to learn manipulation tasks from a single demonstration},
  author={Peppoloni, Lorenzo and Di Fava, Alessandro and Ruffaldi, Emanuele and Avizzano, Carlo Alberto},
  booktitle={Robot and Human Interactive Communication, 2014 RO-MAN: The 23rd IEEE International Symposium on},
  pages={537--542},
  year={2014},
  organization={IEEE}
}

@inproceedings{pettersen2003augmented,
  title={Augmented reality for programming industrial robots},
  author={Pettersen, Thomas and Pretlove, John and Skourup, Charlotte and Engedal, Torbjorn and Lkstad, T},
  booktitle={Proceedings of the 2nd IEEE/ACM International Symposium on Mixed and Augmented Reality},
  pages={319},
  year={2003},
  organization={IEEE Computer Society}
}

@article{pomerleau1991efficient,
  title={Efficient training of artificial neural networks for autonomous navigation},
  author={Pomerleau, Dean A},
  journal={Neural Computation},
  volume={3},
  number={1},
  pages={88--97},
  year={1991},
  publisher={MIT Press}
}

@incollection{repenning2006makes,
  title={What makes end-user development tick? 13 design guidelines},
  author={Repenning, Alexander and Ioannidou, Andri},
  booktitle={End user development},
  pages={51--85},
  year={2006},
  publisher={Springer}
}

@misc{robotics2013baxter,
  title={Baxter Research Robot},
  author={Robotics, Rethink},
  year={2013}
}
@article{rozo2016learning,
  title={Learning physical collaborative robot behaviors from human demonstrations},
  author={Rozo, Leonel and Calinon, Sylvain and Caldwell, Darwin G and Jimenez, Pablo and Torras, Carme},
  journal={IEEE Transactions on Robotics},
  volume={32},
  number={3},
  pages={513--527},
  year={2016},
  publisher={IEEE}
}

@inproceedings{rybski1999interactive,
  title={Interactive task training of a mobile robot through human gesture recognition},
  author={Rybski, Paul E and Voyles, Richard M},
  booktitle={Robotics and Automation, 1999. Proceedings. 1999 IEEE International Conference on},
  volume={1},
  pages={664--669},
  year={1999},
  organization={IEEE}
}


@inproceedings{saunders2006teaching,
  title={Teaching robots by moulding behavior and scaffolding the environment},
  author={Saunders, Joe and Nehaniv, Chrystopher L and Dautenhahn, Kerstin},
  booktitle={Proceedings of the 1st ACM SIGCHI/SIGART conference on Human-robot interaction},
  pages={118--125},
  year={2006},
  organization={ACM}
}

@inproceedings{schaal03,
	Author = {S. Schaal and J. Peters and J. Nakanishi and A. Ijspeert.},
	Booktitle = procofthe # {International Symposium on Robotics Research (ISRR)},
	Date-Added = {2012-01-28 20:00:32 -0500},
	Date-Modified = {2012-01-28 20:57:44 -0500},
	Title = {Learning Movement Primitives},
	Year = 2003}

@article{schulmanlearning,
  title={Learning from Demonstrations Through the Use of Non-Rigid Registration},
  author={Schulman, J. and Ho, J. and Lee, C. and Abbeel, P.},
  journal={International Journal of Robotics Research},
  year={2013},  
}

@inproceedings{shah2011improved,
  title={Improved human-robot team performance using chaski, a human-inspired plan execution system},
  author={Shah, Julie and Wiken, James and Williams, Brian and Breazeal, Cynthia},
  booktitle={Proceedings of the 6th international conference on Human-robot interaction},
  pages={29--36},
  year={2011},
  organization={ACM}
}
@inproceedings{she2014teaching,
  title={Teaching robots new actions through natural language instructions},
  author={She, Lanbo and Cheng, Yu and Chai, Joyce Y and Jia, Yunyi and Yang, Shaohua and Xi, Ning},
  booktitle={Robot and Human Interactive Communication, 2014 RO-MAN: The 23rd IEEE International Symposium on},
  pages={868--873},
  year={2014},
  organization={IEEE}
}

@article{simpson2005gipo,
  title={Gipo graphical interface for planning with objects},
  author={Simpson, RM and Zhao, W},
  journal={CKE},
  pages={34},
  year={2005}
}

@article{simpson2007planning,
  title={Planning domain definition using GIPO},
  author={Simpson, Ron M and Kitchin, Diane E and McCluskey, Thomas Leo},
  journal={The Knowledge Engineering Review},
  volume={22},
  number={2},
  pages={117--134},
  year={2007},
  publisher={Cambridge University Press}
}

@inproceedings{smart2002effective,
  title={Effective reinforcement learning for mobile robots},
  author={Smart, William D and Kaelbling, Leslie Pack},
  booktitle={Robotics and Automation, 2002. Proceedings. ICRA'02. IEEE International Conference on},
  volume={4},
  pages={3404--3410},
  year={2002},
  organization={IEEE}
}

@misc{stager2013computer,
  title={Computer vision and machine learning software for grading and sorting plants},
  author={Stager, D.J. and Sergi-Curfman, M.K. and LaRose, D.A. and Fromme, C.C. and Bagnell, J.A. and Cuzzillo, E.A. and Baker, L.D.},
  url={https://www.google.ch/patents/US20130028487},
  year={2013},
  month=jan # "~31",
  publisher={Google Patents},
  note={US Patent App. 13/634,086}
}

@inproceedings{stenmark2017simplified,
  title={Simplified Programming of Re-usable Skills on a Safe Industrial Robot: Prototype and Evaluation},
  author={Stenmark, Maj and Haage, Mathias and Topp, Elin Anna},
  booktitle={Proceedings of the 2017 ACM/IEEE International Conference on Human-Robot Interaction},
  pages={463--472},
  year={2017},
  organization={ACM}
}

@article{suay2012practical,
  title={A practical comparison of three robot learning from demonstration algorithm},
  author={Suay, Halit Bener and Toris, Russell and Chernova, Sonia},
  journal={International Journal of Social Robotics},
  volume={4},
  number={4},
  pages={319--330},
  year={2012},
  publisher={Springer}
}

@book{sutton1998reinforcement,
  title={Reinforcement learning: An introduction},
  author={Sutton, Richard S and Barto, Andrew G},
  volume={1},
  number={1}
}

@article{tetris,
  title={Tetris},
  author={Alekse\:{i} Pajitnov},
  journal={[Online] http://tetris.com},
  year={1984}
}

@inproceedings{tso1996hidden,
  title={Hidden Markov model for intelligent extraction of robot trajectory command from demonstrated trajectories},
  author={Tso, SK and Liu, KP},
  booktitle={Industrial Technology, 1996.(ICIT'96), Proceedings of The IEEE International Conference on},
  pages={294--298},
  year={1996},
  organization={IEEE}
}

@article{ude1993trajectory,
  title={Trajectory generation from noisy positions of object features for teaching robot paths},
  author={Ude, Ale{\v{s}}},
  journal={Robotics and Autonomous Systems},
  volume={11},
  number={2},
  pages={113--127},
  year={1993},
  publisher={Elsevier}
}

@inproceedings{veeraraghavan2008teaching,
  title={Teaching sequential tasks with repetition through demonstration},
  author={Veeraraghavan, Harini and Veloso, Manuela},
  booktitle={Proceedings of the 7th international joint conference on Autonomous agents and multiagent systems-Volume 3},
  pages={1357--1360},
  year={2008},
  organization={International Foundation for Autonomous Agents and Multiagent Systems}
}

@inproceedings{voyles1999gesture,
  title={Gesture-based programming: A preliminary demonstration},
  author={Voyles, Richard M and Khosla, Pradeep K},
  booktitle={Robotics and Automation, 1999. Proceedings. 1999 IEEE International Conference on},
  volume={1},
  pages={708--713},
  year={1999},
  organization={IEEE}
}

@article{Yang2015,
author = {Yang, Yezhou and Li, Yi and Ferm$\backslash$"{\{}u{\}}ller, Cornelia and Aloimonos, Yiannis},
isbn = {9781577357032},
journal = {Twenty-Ninth AAAI Conference on Artificial Intelligence (AAAI-15)},
mendeley-groups = {Machine Learning},
pages = {3686--3692},
title = {{Robot Learning Manipulation Action Plans by "Watching" Unconstrained Videos from the World Wide Web}},
year = {2015}
}


@inproceedings{yildiz2013learning,
  title={Learning guided symbolic planning for cognitive robots},
  author={Yildiz, Petek and Karapinar, Sertac and Sariel-Talay, Sanem},
  booktitle={The IEEE International Conference on Robotics and Automation (ICRA), Autonomous Learning Workshop},
  year={2013}
}

@techreport{younes:04a,
	Author = {Younes, H. and Littman, M.},
	Date-Added = {2016-01-15 12:58:30 +0000},
	Date-Modified = {2016-01-15 12:58:30 +0000},
	Institution = {Carnegie Mellon University},
	Number = {CMU-CS-04-167},
	Title = {{PPDDL} 1.0: an extension to {PDDL} for expressing planning domains with probabilistic effects},
	Year = {2004}
}


@inproceedings{Ebola,
  title={Baxter Research Robot - Providing support for the Ebola outbreak},
  author={Active8 Robots},
  url={http://www.active8robots.com/news/baxter-ebola-research},
  year={2014},
  month=nov # "~13",
  publisher={Active8 Robots},
  note={Online}
}

@inproceedings{Airbus,
  title={Des cobots RB3D pour le montage des Airbus A350 en 2015},
  author={Alain Clapaud},
  url={http://www.4erevolution.com/en/cobots-rb3d-airbus-a350/},
  year={2013},
  month=nov # "~3",
  publisher={4e R\'evolution},
  note={Online}
}

@inproceedings{Food,
  title={How cobots transform the food industry},
  author={Universal Robots},
  url={http://www.universal-robots.com/blog/how-cobots-transform-the-food-industry/},
  year={2016},
  month=feb # "~10",
  publisher={Universal Robots},
  note={Online}
}


%%%% Other citations %%%%

%They're here: New collaborative robots lend a helping hand Jun 2013 - [1] in \cite{guerin2015framework}


@inproceedings{HardwareSpecs,
  title={Baxter Hardware Specifications},
  author={Rethink Robotics},
  url={http://sdk.rethinkrobotics.com/wiki/Hardware_Specifications},
  year={2015},
  publisher={Rethink Robotics},
  note={}
}

https://www.sites.google.com/site/learningbydemonstration/home