
%%% Official Citations from Google Scholar %%%%
@inproceedings{abbeel2004apprenticeship,
  title={Apprenticeship learning via inverse reinforcement learning},
  author={Abbeel, Pieter and Ng, Andrew Y},
  booktitle={Proceedings of the twenty-first international conference on Machine learning},
  pages={1},
  year={2004},
  organization={ACM}
}

@article{argall2009survey,
  title={A survey of robot learning from demonstration},
  author={Argall, Brenna D and Chernova, Sonia and Veloso, Manuela and Browning, Brett},
  journal={Robotics and autonomous systems},
  volume={57},
  number={5},
  pages={469--483},
  year={2009},
  publisher={North-Holland}
}

@book{aarup1992optimum,
  title={OPTIMUM-AIV: a knowledge-based planning and scheduling system for spacecraft AIV},
  author={Aarup, M and Arentoft, MM and Parrod, Y and Stader, J and Stokes, I and Vadon, H},
  year={1992},
  publisher={University of Edinburgh, Artificial Intelligence Applications Institute}
}

@incollection{atkeson1997locally,
  title={Locally weighted learning for control},
  author={Atkeson, Christopher G and Moore, Andrew W and Schaal, Stefan},
  booktitle={Lazy learning},
  pages={75--113},
  year={1997},
  publisher={Springer}
}

@inproceedings{atkeson1997robot,
  title={Robot learning from demonstration},
  author={Atkeson, Christopher G and Schaal, Stefan},
  booktitle={ICML},
  volume={97},
  pages={12--20},
  year={1997},
  organization={Citeseer}
}

@article{BaxterGolf,
  title={Baxter Reseach Robot - Worked Example Visual Servoing},
  author={Vyvyan Pugh, Active Robots},
  journal={[Online] http://sdk.rethinkrobotics.com/wiki/Worked_Example_Visual_Servoing},
  year={2013-2014}
}
@article{BaxterYoutube,
  title={Baxter Robots in Action - Customer Montage },
  author={TheProudCompany},
  journal={[Online] https://www.youtube.com/watch?v=oD9DE0HjMM4},
  year={2014}
}

@article{Connect4,
  title={Baxter Reseach Robot - Connect 4},
  author={Rethink Robots},
  journal={[Online] http://sdk.rethinkrobotics.com/wiki/Connect_Four_Demo},
  year={2014}
}

@incollection{billard2008robot,
  title={Robot programming by demonstration},
  author={Billard, Aude and Calinon, Sylvain and Dillmann, Ruediger and Schaal, Stefan},
  booktitle={Springer handbook of robotics},
  pages={1371--1394},
  year={2008},
  publisher={Springer Berlin Heidelberg}
}

@article{billing2010formalism,
  title={A Formalism for Learning from Demonstration*},
  author={Billing, Erik A and Hellstr{\"o}m, Thomas},
  journal={Paladyn, Journal of Behavioral Robotics},
  volume={1},
  number={1},
  pages={1--13},
  year={2010}
}

@article{blum:97,
	Author = {Blum, A. and Furst, M.},
	Date-Added = {2015-11-26 13:52:02 +0000},
	Date-Modified = {2015-11-26 13:52:02 +0000},
	Journal = {Artificial Intelligence},
	Local-Url = {file://localhost/Users/pellier/Bibliographie/blum/blum97.pdf},
	Number = {1-2},
	Pages = {281--300},
	Title = {{F}ast {P}lanning {T}hrough {P}lanning {G}raph {A}nalysis},
	Volume = {90},
	Year = {1997}
}

@article{bonet:01,
	Author = {Bonet, B. and Geffner, H.},
	Date-Added = {2015-09-16 06:39:08 +0000},
	Date-Modified = {2015-09-16 06:39:08 +0000},
	Journal = {Artificial Intelligence},
	Local-Url = {file://localhost/Users/pellier/Bibliographie/bonet/bonet01.pdf},
	Number = {1--2},
	Pages = {5--33},
	Title = {Planning as Heuristic Search},
	Volume = {129},
	Year = {2001}
}

@inproceedings{calinon2007active,
  title={Active teaching in robot programming by demonstration},
  author={Calinon, Sylvain and Billard, Aude},
  booktitle={Robot and Human interactive Communication, 2007. RO-MAN 2007. The 16th IEEE International Symposium on},
  pages={702--707},
  year={2007},
  organization={IEEE}
}

@inproceedings{calinon2007incremental,
  title={Incremental learning of gestures by imitation in a humanoid robot},
  author={Calinon, Sylvain and Billard, Aude},
  booktitle={Proceedings of the ACM/IEEE international conference on Human-robot interaction},
  pages={255--262},
  year={2007},
  organization={ACM}
}

@article{chen2003programing,
  title={Programing by demonstration: Coping with suboptimal teaching actions},
  author={Chen, Jason and Zelinsky, Alex},
  journal={The International Journal of Robotics Research},
  volume={22},
  number={5},
  pages={299--319},
  year={2003},
  publisher={SAGE Publications}
}

@@inproceedings{colgate1999cobots,
  title={Cobots},
  author={Colgate, J.E. and Peshkin, M.A.},
  url={https://www.google.com/patents/US5952796},
  year={1999},
  month=sep # "~14",
  publisher={Google Patents},
  note={US Patent 5,952,796}
}

@article{do:01,
	Author = {Do, M. and Kambhampati, S.},
	Date-Added = {2015-12-08 13:23:51 +0000},
	Date-Modified = {2015-12-08 13:23:51 +0000},
	Journal = {Artificial Intelligence},
	Number = {2},
	Pages = {151--182},
	Title = {Planning as constraint satisfaction: Solving the planning graph by compiling it into CSP},
	Volume = {132},
	Year = {2001}
}

@book{douglas1985metamagical,
  title={Metamagical themas: Questing for the essence of mind and pattern},
  author={Douglas R. Hofstadter},
  year={1985},
  publisher={Basic books}
}

@article{ekvall2008robot,
  title={Robot learning from demonstration: a task-level planning approach},
  author={Ekvall, Staffan and Kragic, Danica},
  journal={International Journal of Advanced Robotic Systems},
  volume={5},
  number={3},
  pages={223--234},
  year={2008}
}

@book{fernandez2015learning,
  title={Learning ROS for Robotics Programming},
  author={Fern{\'a}ndez, Enrique and Crespo, Luis S{\'a}nchez and Mahtani, Anil and Martinez, Aaron},
  year={2015},
  publisher={Packt Publishing Ltd}
}


@book{ghallab2004automated,
  title={Automated planning: theory \& practice},
  author={Ghallab, Malik and Nau, Dana and Traverso, Paolo},
  year={2004},
  publisher={Elsevier}
}

@article{gil1994learning,
  title={Learning by experimentation: Incremental refinement of incomplete planning domains},
  author={Gil, Yolanda},
  journal={International Conference on Machine Learning},
  pages={87--95},
  year={1994}
}


@inproceedings{guerin2015framework,
  title={A framework for end-user instruction of a robot assistant for manufacturing},
  author={Guerin, Kelleher R and Lea, Colin and Paxton, Chris and Hager, Gregory D},
  booktitle={Robotics and Automation (ICRA), 2015 IEEE International Conference on},
  pages={6167--6174},
  year={2015},
  organization={IEEE}
}

@article{helmert:06a,
	Author = {Helmert, M.},
	Date-Added = {2015-11-09 10:11:47 +0000},
	Date-Modified = {2015-11-09 10:11:47 +0000},
	Journal = {Journal of Artificial Intelligence Research},
	Local-Url = {file://localhost/Users/pellier/Bibliographie/helmert/helmert06a.pdf},
	Pages = {191--246},
	Title = {The Fast Downward Planning System},
	Volume = {26},
	Year = {2006}
}

@article{hoffmann:11,
	Author = {Hoffmann, J.},
	Date-Added = {2015-12-02 12:58:57 +0000},
	Date-Modified = {2015-12-02 12:59:12 +0000},
	Journal = {Journal of Artificial Intelligence Research},
	Pages = {155--229},
	Title = {Analyzing search topology without running any search: On the connection between causal graphs and h+},
	Volume = {41},
	Year = {2011}
}

@incollection{hoffmann2000heuristic,
  title={A heuristic for domain independent planning and its use in an enforced hill-climbing algorithm},
  author={Hoffmann, J{\"o}rg},
  booktitle={Foundations of Intelligent Systems},
  pages={216--227},
  year={2000},
  publisher={Springer}
}

@inproceedings{hovland1996skill,
  title={Skill acquisition from human demonstration using a hidden markov model},
  author={Hovland, Geir E and Sikka, Pavan and McCarragher, Brenan J},
  booktitle={Robotics and Automation, 1996. Proceedings., 1996 IEEE International Conference on},
  volume={3},
  pages={2706--2711},
  year={1996},
  organization={IEEE}
}

@inproceedings{huckaby2013planning,
  title={Planning with a task modeling framework in manufacturing robotics},
  author={Huckaby, Jacob and Vassos, Stavros and Christensen, Henrik I},
  booktitle={Intelligent Robots and Systems (IROS), 2013 IEEE/RSJ International Conference on},
  pages={5787--5794},
  year={2013},
  organization={IEEE}
}

@article{jilani2014automated,
  title={Automated knowledge engineering tools in planning: state-of-the-art and future challenges},
  author={Jilani, Rabia and Crampton, Andrew and Kitchin, Diane E and Vallati, Mauro},
  year={2014}
}

@inproceedings{kaiser1995obtaining,
  title={Obtaining good performance from a bad teacher},
  author={Kaiser, Michael and Friedrich, Holger and Dillmann, Rudiger},
  booktitle={Programming by Demonstration vs. Learning from Examples Workshop at ML},
  volume={95},
  year={1995}
}

@article{karapinar2013learning,
  title={Learning guided planning for robust task execution in cognitive robotics},
  author={Karapinar, Sertac and Sariel-Talay, Sanem and Yildiz, Petek and Ersen, Mustafa},
  journal={Proc. of the AAAI-13 Workshop on Intelligent Robotic Systems},
  pages={26--31},
  year={2013}
}

@inproceedings{kautz:06,
	Author = {Kautz, H. and Selman, B. and Hoffmann, J.},
	Booktitle = {Abstracts of the 5th International Planning Competition},
	Date-Added = {2015-12-08 12:04:23 +0000},
	Date-Modified = {2015-12-08 12:04:23 +0000},
	Title = {SatPlan: Planning as Satisfiability},
	Year = {2006}
}

@inproceedings{kautz:99,
	Author = {Kautz, H. and Selman, B.},
	Booktitle = {Proceedings of International Joint Conference on Artificial Intelligence},
	Date-Added = {2015-09-01 12:04:43 +0000},
	Date-Modified = {2015-12-08 12:06:00 +0000},
	Pages = {318-325},
	Rating = {4},
	Title = {{U}nifying {SAT}-based and {G}raph-based {P}lanning},
	Year = {1999}
}

@book{kelley1985cal,
  title={Cal-a natural language program developed with the oz paradigm: Implications for supercomputing systems},
  author={Kelley, John F},
  year={1985},
  publisher={IBM Thomas J. Watson Research Center}
}

@unpublished{kovacs:12,
	Author = {Kovacs, D.},
	Date-Added = {2015-09-10 09:53:27 +0000},
	Date-Modified = {2016-01-15 13:38:06 +0000},
	Month = {2012},
	Note = {Unpublished manuscript from the International Planning Competition website},
	Title = {Complete {BNF} description of {PDDL} 3.1}
}

@article{kruger2011object,
  title={Object--Action Complexes: Grounded abstractions of sensory--motor processes},
  author={Kr{\"u}ger, Norbert and Geib, Christopher and Piater, Justus and Petrick, Ronald and Steedman, Mark and W{\"o}rg{\"o}tter, Florentin and Ude, Ale{\v{s}} and Asfour, Tamim and Kraft, Dirk and Omr{\v{c}}en, Damir and others},
  journal={Robotics and Autonomous Systems},
  volume={59},
  number={10},
  pages={740--757},
  year={2011},
  publisher={Elsevier}
}


@article{kuniyoshi1994learning,
  title={Learning by watching: Extracting reusable task knowledge from visual observation of human performance},
  author={Kuniyoshi, Yasuo and Inaba, Masayuki and Inoue, Hirochika},
  journal={Robotics and Automation, IEEE Transactions on},
  volume={10},
  number={6},
  pages={799--822},
  year={1994},
  publisher={IEEE}
}

@article{mcdermott1998pddl,
  title={PDDL-the planning domain definition language},
  author={McDermott, Drew and Ghallab, Malik and Howe, Adele and Knoblock, Craig and Ram, Ashwin and Veloso, Manuela and Weld, Daniel and Wilkins, David},
  year={1998}
}

@article{nicolescu2001learning,
  title={Learning and interacting in human-robot domains},
  author={Nicolescu, Monica N and Matari{\'c}, Maja J},
  journal={Systems, Man and Cybernetics, Part A: Systems and Humans, IEEE Transactions on},
  volume={31},
  number={5},
  pages={419--430},
  year={2001},
  publisher={IEEE}
}

@inproceedings{nicolescu2003natural,
  title={Natural methods for robot task learning: Instructive demonstrations, generalization and practice},
  author={Nicolescu, Monica N and Mataric, Maja J},
  booktitle={Proceedings of the second international joint conference on Autonomous agents and multiagent systems},
  pages={241--248},
  year={2003},
  organization={ACM}
}

@article{opencv,
    author = {Bradski, G.},
    citeulike-article-id = {2236121},
    journal = {Dr. Dobb's Journal of Software Tools},
    keywords = {bibtex-import},
    posted-at = {2008-01-15 19:21:54},
    priority = {4},
    title = {{The OpenCV Library}},
    year = {2000}
} 

@article{tetris,
  title={Tetris},
  author={Alekseï Pajitnov},
  journal={[Online] http://tetris.com},
  year={1984}
}

@article{pellier2011pddl4j,
  title={PDDL4J},
  author={Pellier, D},
  journal={Tetris Holding},
  year={1985~2016}
}

@article{pomerleau1991efficient,
  title={Efficient training of artificial neural networks for autonomous navigation},
  author={Pomerleau, Dean A},
  journal={Neural Computation},
  volume={3},
  number={1},
  pages={88--97},
  year={1991},
  publisher={MIT Press}
}

@misc{robotics2013baxter,
  title={Baxter Research Robot},
  author={Robotics, Rethink},
  year={2013}
}

@@inproceedings{BaxterTasker,
  title={Baxter Tasker},
  author={HumaRobotics},
  url={http://sdk.rethinkrobotics.com/wiki/Baxter_Tasker},
  year={2013},
  publisher={Generation Robots},
  note={Simplified BSD License}
}

@inproceedings{rybski1999interactive,
  title={Interactive task training of a mobile robot through human gesture recognition},
  author={Rybski, Paul E and Voyles, Richard M},
  booktitle={Robotics and Automation, 1999. Proceedings. 1999 IEEE International Conference on},
  volume={1},
  pages={664--669},
  year={1999},
  organization={IEEE}
}


@inproceedings{saunders2006teaching,
  title={Teaching robots by moulding behavior and scaffolding the environment},
  author={Saunders, Joe and Nehaniv, Chrystopher L and Dautenhahn, Kerstin},
  booktitle={Proceedings of the 1st ACM SIGCHI/SIGART conference on Human-robot interaction},
  pages={118--125},
  year={2006},
  organization={ACM}
}


@inproceedings{shah2011improved,
  title={Improved human-robot team performance using chaski, a human-inspired plan execution system},
  author={Shah, Julie and Wiken, James and Williams, Brian and Breazeal, Cynthia},
  booktitle={Proceedings of the 6th international conference on Human-robot interaction},
  pages={29--36},
  year={2011},
  organization={ACM}
}

@article{simpson2005gipo,
  title={Gipo graphical interface for planning with objects},
  author={Simpson, RM and Zhao, W},
  journal={CKE},
  pages={34},
  year={2005}
}

@inproceedings{smart2002effective,
  title={Effective reinforcement learning for mobile robots},
  author={Smart, William D and Kaelbling, Leslie Pack},
  booktitle={Robotics and Automation, 2002. Proceedings. ICRA'02. IEEE International Conference on},
  volume={4},
  pages={3404--3410},
  year={2002},
  organization={IEEE}
}

@article{suay2012practical,
  title={A Practical Comparison of Three Robot Learning from Demonstration Algorithm},
  author={Suay, Halit Bener and Toris, Russell and Chernova, Sonia},
  journal={International Journal of Social Robotics},
  volume={4},
  number={4},
  pages={319--330},
  year={2012},
  publisher={Springer}
}

@inproceedings{tso1996hidden,
  title={Hidden Markov model for intelligent extraction of robot trajectory command from demonstrated trajectories},
  author={Tso, SK and Liu, KP},
  booktitle={Industrial Technology, 1996.(ICIT'96), Proceedings of The IEEE International Conference on},
  pages={294--298},
  year={1996},
  organization={IEEE}
}

@article{ude1993trajectory,
  title={Trajectory generation from noisy positions of object features for teaching robot paths},
  author={Ude, Ale{\v{s}}},
  journal={Robotics and Autonomous Systems},
  volume={11},
  number={2},
  pages={113--127},
  year={1993},
  publisher={Elsevier}
}

@inproceedings{veeraraghavan2008teaching,
  title={Teaching sequential tasks with repetition through demonstration},
  author={Veeraraghavan, Harini and Veloso, Manuela},
  booktitle={Proceedings of the 7th international joint conference on Autonomous agents and multiagent systems-Volume 3},
  pages={1357--1360},
  year={2008},
  organization={International Foundation for Autonomous Agents and Multiagent Systems}
}

@inproceedings{yildiz2013learning,
  title={Learning guided symbolic planning for cognitive robots},
  author={Yildiz, Petek and Karapinar, Sertac and Sariel-Talay, Sanem},
  booktitle={The IEEE International Conference on Robotics and Automation (ICRA), Autonomous Learning Workshop},
  year={2013}
}

@techreport{younes:04a,
	Author = {Younes, H. and Littman, M.},
	Date-Added = {2016-01-15 12:58:30 +0000},
	Date-Modified = {2016-01-15 12:58:30 +0000},
	Institution = {Carnegie Mellon University},
	Number = {CMU-CS-04-167},
	Title = {{PPDDL} 1.0: an extension to {PDDL} for expressing planning domains with probabilistic effects},
	Year = {2004}
}


@inproceedings{Ebola,
  title={Baxter Research Robot - Providing support for the Ebola outbreak},
  author={Active8 Robots},
  url={http://www.active8robots.com/news/baxter-ebola-research},
  year={2014},
  month=nov # "~13",
  publisher={Active8 Robots},
  note={Online}
}

@inproceedings{Airbus,
  title={Des cobots RB3D pour le montage des Airbus A350 en 2015},
  author={Alain Clapaud},
  url={http://www.4erevolution.com/en/cobots-rb3d-airbus-a350/},
  year={2013},
  month=nov # "~3",
  publisher={4e R\'evolution},
  note={Online}
}

@inproceedings{Food,
  title={How cobots transform the food industry},
  author={Universal Robots},
  url={http://www.universal-robots.com/blog/how-cobots-transform-the-food-industry/},
  year={2016},
  month=feb # "~10",
  publisher={Universal Robots},
  note={Online}
}


%%%% Other citations %%%%

%They're here: New collaborative robots lend a helping hand Jun 2013 - [1] in \cite{guerin2015framework}


@@inproceedings{HardwareSpecs,
  title={Baxter Hardware Specifications},
  author={Rethink Robotics},
  url={http://sdk.rethinkrobotics.com/wiki/Hardware_Specifications},
  year={2015},
  publisher={Rethink Robotics},
  note={}
}

https://www.sites.google.com/site/learningbydemonstration/home